@manual{anleitung01,
  author = "TU Dortmund",
  title = "Versuchsanleitung zu Versuch Nr. 01 Lebensdauer der Myonen",
  year = 2004,
}

@article{numpy,
  author = "Oliphant, Travis E.",
  title = "Python for Scientific Computing",
  publisher = "IEEE",
  year = "2007",
  journal = "Computing in Science \& Engineering",
  volume = "9",
  number = "3",
  pages = "10--20",
  url = "http://link.aip.org/link/?CSX/9/10/1",
  version = "1.8.1",
}

@inproceedings{root,
  author = "Brun, Rene and Rademakers, Fons",
  booktitle = "AIHENP'96 Workshop, Lausanne",
  url = "http://root.cern.ch/",
  journal = "Nucl. Inst. \& Meth. in Phys. Res. A",
  pages = "81--86",
  title = "ROOT -- An Object Oriented Data Analysis Framework",
  volume = 389,
  year = 1996,
  version = "5.34.18",
}

@online{wingate,
  author = "Liu, Zhaofeng and Meinel, Stefan and Hart, Alistair and Horgan, Ron R. and MÃ¼ller, Eike H. and Wingate, Matthew",
  title = "A lattice calculation of $\symup{B} \to \symup{K}^{(*)}$ form factors",
  date = "2011-01-14",
  eprinttype = "arXiv",
  eprint = "1101.2726v1",
  eprintclass = "hep-ph",
}

@book{hastie,
  title = "The Elements of Statistical Learning",
  subtitle = "Data Mining, Inference, and Prediction",
  author = "Hastie, Trevor and Tibshiranu, Robert and Friedman, Jerome",
  edition = "2",
  year = "2009",
  publisher = "Springer-Verlag New York",
}

@online{curvefit,
  title = "Documentation for scipy.optimize.curve\_fit",
  urldate = "2017-09-21",
}
