@manual{sample,
  organization = {TU Dortmund, Fakult√§t Physik},
  title = {Versuch zum Literaturverzeichnis},
  year = 2023
}
