@manual{sample,
  organization = {TU Dortmund, Fakult√§t Physik},
  title = {Versuch zum Literaturverzeichnis},
  year = 2023
}

@online{galilei1623,
author = {Galilei, Galileo},
title = {Il Saggiatore},
url = {https://bibdig.museogalileo.it/tecanew/opera?bid=354802&seq=13},
booktitle = {Le opere di Galileo Galilei},            
year = {1623}
}

