@manual{V16516,
  organization = {TU Dortmund, Fakult√§t Physik},
  title = {Anleitung: Versuch zur schiefen Ebene},
  year = 2023
}



@book{kuypers2016klassische,
  title={Klassische Mechanik},
  author={Kuypers, Friedhelm},
  year={2016},
  publisher={John Wiley \& Sons}
}

@online{galilei1623,
author = {Galilei, Galileo},
title = {Il Saggiatore},
url = {https://bibdig.museogalileo.it/tecanew/opera?bid=354802&seq=13},
booktitle = {Le opere di Galileo Galilei},            
year = {1623}
}

